@article{steigenberger_flex_2018,
	title = {Flex power on {GPS} {Block} {IIR}-{M} and {IIF}},
	volume = {23},
	issn = {1521-1886},
	url = {https://doi.org/10.1007/s10291-018-0797-8},
	doi = {10.1007/s10291-018-0797-8},
    language = {en},
	number = {1},
	urldate = {2021-07-15},
	journal = {GPS Solutions},
	author = {Steigenberger, Peter and Thoelert, Steffen and Montenbruck, Oliver},
	month = nov,
	year = {2018},
	pages = {8}
}

@misc{bar-sever_why_2019,
	title = {Why {Wait}? {Real}-{Time} {GNSS} {Monitoring} for {Infrastructure} {Protection} and a {Perspective} on {Galileo} vs {GPS}},
	language = {en},
	author = {Bar-Sever, Yoaz},
	year = {2019},
	pages = {13},
    url = {https://www.gps.gov/governance/advisory/meetings/2019-11/bar-sever.pdf},
}

@article{steigenberger_gnss_2018,
	title = {{GNSS} satellite transmit power and its impact on orbit determination},
	volume = {92},
	issn = {1432-1394},
	url = {https://doi.org/10.1007/s00190-017-1082-2},
	doi = {10.1007/s00190-017-1082-2},
    language = {en},
	number = {6},
	urldate = {2021-07-15},
	journal = {Journal of Geodesy},
	author = {Steigenberger, Peter and Thoelert, Steffen and Montenbruck, Oliver},
	year = {2018},
	pages = {609--624}
}

@misc{IS-GPS-200G_2012,
	title = {Interface specification {IS-GPS-200}: Navstar {GPS} space segment/navigation user segment interfaces},
	url = {https://www.gps.gov/technical/icwg/IS-GPS-200G.pdf},
	year = {2012},
	urldate = {2021-07-15},
	author = {IS-GPS-200G}
}

@article{steigenberger_gps_2019,
	title = {{GPS} and {GLONASS} {Satellite} {Transmit} {Power}: {Update} for {IGS} repro3},
	url = {http://acc.igs.org/repro3/TX_Power_20190711.pdf},
	language = {en},
	author = {Steigenberger, Peter and Thoelert, Steffen and Montenbruck, Oliver},
	year = {2019},
	pages = {5}
}